@book{oper,
  title={},
  author={},
  year={},
  publisher={}
}